@misc{scikit-learn,
  title        = {Scikit-learn: Machine Learning in Python},
  author       = {Pedregosa, Fabian and others},
  year         = {2011},
  howpublished = {\url{https://scikit-learn.org/}},
  note         = {Accessed 2025-09-30}
}

@misc{california-housing,
  title        = {California Housing dataset},
  author       = {Dua, Dheeru and Graff, Casey},
  howpublished = {UCI \& scikit-learn datasets},
  note         = {\url{https://scikit-learn.org/stable/datasets/real_world.html#california-housing-dataset}}
}

